%YAML 1.1
%TAG !u! tag:unity3d.com,2011:
--- !u!29 &1
SceneSettings:
  m_ObjectHideFlags: 0
  m_PVSData: 
  m_PVSObjectsArray: []
  m_PVSPortalsArray: []
  m_OcclusionBakeSettings:
    smallestOccluder: 5
    smallestHole: 0.25
    backfaceThreshold: 100
--- !u!104 &2
RenderSettings:
  m_ObjectHideFlags: 0
  serializedVersion: 7
  m_Fog: 0
  m_FogColor: {r: 0.5, g: 0.5, b: 0.5, a: 1}
  m_FogMode: 3
  m_FogDensity: 0.01
  m_LinearFogStart: 0
  m_LinearFogEnd: 300
  m_AmbientSkyColor: {r: 0.212, g: 0.227, b: 0.259, a: 1}
  m_AmbientEquatorColor: {r: 0.114, g: 0.125, b: 0.133, a: 1}
  m_AmbientGroundColor: {r: 0.047, g: 0.043, b: 0.035, a: 1}
  m_AmbientIntensity: 1
  m_AmbientMode: 0
  m_SkyboxMaterial: {fileID: 10304, guid: 0000000000000000f000000000000000, type: 0}
  m_HaloStrength: 0.5
  m_FlareStrength: 1
  m_FlareFadeSpeed: 3
  m_HaloTexture: {fileID: 0}
  m_SpotCookie: {fileID: 10001, guid: 0000000000000000e000000000000000, type: 0}
  m_DefaultReflectionMode: 0
  m_DefaultReflectionResolution: 128
  m_ReflectionBounces: 1
  m_ReflectionIntensity: 1
  m_CustomReflection: {fileID: 0}
  m_Sun: {fileID: 0}
  m_IndirectSpecularColor: {r: 0.18053581, g: 0.2260178, b: 0.30718684, a: 1}
--- !u!157 &3
LightmapSettings:
  m_ObjectHideFlags: 0
  serializedVersion: 7
  m_GIWorkflowMode: 0
  m_GISettings:
    serializedVersion: 2
    m_BounceScale: 1
    m_IndirectOutputScale: 1
    m_AlbedoBoost: 1
    m_TemporalCoherenceThreshold: 1
    m_EnvironmentLightingMode: 0
    m_EnableBakedLightmaps: 1
    m_EnableRealtimeLightmaps: 1
  m_LightmapEditorSettings:
    serializedVersion: 4
    m_Resolution: 2
    m_BakeResolution: 40
    m_TextureWidth: 1024
    m_TextureHeight: 1024
    m_AO: 0
    m_AOMaxDistance: 1
    m_CompAOExponent: 1
    m_CompAOExponentDirect: 0
    m_Padding: 2
    m_LightmapParameters: {fileID: 0}
    m_LightmapsBakeMode: 1
    m_TextureCompression: 1
    m_DirectLightInLightProbes: 1
    m_FinalGather: 0
    m_FinalGatherFiltering: 1
    m_FinalGatherRayCount: 256
    m_ReflectionCompression: 2
  m_LightingDataAsset: {fileID: 0}
  m_RuntimeCPUUsage: 25
--- !u!196 &4
NavMeshSettings:
  serializedVersion: 2
  m_ObjectHideFlags: 0
  m_BuildSettings:
    serializedVersion: 2
    agentRadius: 1
    agentHeight: 1.2
    agentSlope: 45
    agentClimb: 0.4
    ledgeDropHeight: 0
    maxJumpAcrossDistance: 0
    accuratePlacement: 0
    minRegionArea: 2
    cellSize: 0.33333334
    manualCellSize: 0
  m_NavMeshData: {fileID: 23800000, guid: d145d03f23723544385d64eab1e8f77d, type: 2}
--- !u!1 &446491621 stripped
GameObject:
  m_PrefabParentObject: {fileID: 100000, guid: 5e9e851c0e142814dac026a256ba2ac0, type: 2}
  m_PrefabInternal: {fileID: 1174913605}
--- !u!114 &446491622
MonoBehaviour:
  m_ObjectHideFlags: 0
  m_PrefabParentObject: {fileID: 0}
  m_PrefabInternal: {fileID: 0}
  m_GameObject: {fileID: 446491621}
  m_Enabled: 1
  m_EditorHideFlags: 0
  m_Script: {fileID: 11500000, guid: a13aaa62f84f69646967648c0d8adcdd, type: 3}
  m_Name: 
  m_EditorClassIdentifier: 
  startingHealth: 100
  currentHealth: 0
  damaged: {fileID: 1501695920}
  flashSpeed: 5
  flashColour: {r: 1, g: 0, b: 0, a: 0.1}
  totalHP: {fileID: 1735306090}
  isDamaged: 0
--- !u!1001 &484548268
Prefab:
  m_ObjectHideFlags: 0
  serializedVersion: 2
  m_Modification:
    m_TransformParent: {fileID: 0}
    m_Modifications:
    - target: {fileID: 4000012082903292, guid: c9201c33d3f07144cb6b1bdc61f3b2cb, type: 2}
      propertyPath: m_LocalPosition.x
      value: 0
      objectReference: {fileID: 0}
    - target: {fileID: 4000012082903292, guid: c9201c33d3f07144cb6b1bdc61f3b2cb, type: 2}
      propertyPath: m_LocalPosition.y
      value: 3
      objectReference: {fileID: 0}
    - target: {fileID: 4000012082903292, guid: c9201c33d3f07144cb6b1bdc61f3b2cb, type: 2}
      propertyPath: m_LocalPosition.z
      value: 0
      objectReference: {fileID: 0}
    - target: {fileID: 4000012082903292, guid: c9201c33d3f07144cb6b1bdc61f3b2cb, type: 2}
      propertyPath: m_LocalRotation.x
      value: 0.40821788
      objectReference: {fileID: 0}
    - target: {fileID: 4000012082903292, guid: c9201c33d3f07144cb6b1bdc61f3b2cb, type: 2}
      propertyPath: m_LocalRotation.y
      value: -0.23456968
      objectReference: {fileID: 0}
    - target: {fileID: 4000012082903292, guid: c9201c33d3f07144cb6b1bdc61f3b2cb, type: 2}
      propertyPath: m_LocalRotation.z
      value: 0.10938163
      objectReference: {fileID: 0}
    - target: {fileID: 4000012082903292, guid: c9201c33d3f07144cb6b1bdc61f3b2cb, type: 2}
      propertyPath: m_LocalRotation.w
      value: 0.8754261
      objectReference: {fileID: 0}
    - target: {fileID: 4000012082903292, guid: c9201c33d3f07144cb6b1bdc61f3b2cb, type: 2}
      propertyPath: m_RootOrder
      value: 1
      objectReference: {fileID: 0}
    m_RemovedComponents: []
  m_ParentPrefab: {fileID: 100100000, guid: c9201c33d3f07144cb6b1bdc61f3b2cb, type: 2}
  m_IsPrefabParent: 0
--- !u!1001 &1174913605
Prefab:
  m_ObjectHideFlags: 0
  serializedVersion: 2
  m_Modification:
    m_TransformParent: {fileID: 0}
    m_Modifications:
    - target: {fileID: 400000, guid: 5e9e851c0e142814dac026a256ba2ac0, type: 2}
      propertyPath: m_LocalPosition.x
      value: 0
      objectReference: {fileID: 0}
    - target: {fileID: 400000, guid: 5e9e851c0e142814dac026a256ba2ac0, type: 2}
      propertyPath: m_LocalPosition.y
      value: 0
      objectReference: {fileID: 0}
    - target: {fileID: 400000, guid: 5e9e851c0e142814dac026a256ba2ac0, type: 2}
      propertyPath: m_LocalPosition.z
      value: 0
      objectReference: {fileID: 0}
    - target: {fileID: 400000, guid: 5e9e851c0e142814dac026a256ba2ac0, type: 2}
      propertyPath: m_LocalRotation.x
      value: 0
      objectReference: {fileID: 0}
    - target: {fileID: 400000, guid: 5e9e851c0e142814dac026a256ba2ac0, type: 2}
      propertyPath: m_LocalRotation.y
      value: 0
      objectReference: {fileID: 0}
    - target: {fileID: 400000, guid: 5e9e851c0e142814dac026a256ba2ac0, type: 2}
      propertyPath: m_LocalRotation.z
      value: 0
      objectReference: {fileID: 0}
    - target: {fileID: 400000, guid: 5e9e851c0e142814dac026a256ba2ac0, type: 2}
      propertyPath: m_LocalRotation.w
      value: 1
      objectReference: {fileID: 0}
    - target: {fileID: 400000, guid: 5e9e851c0e142814dac026a256ba2ac0, type: 2}
      propertyPath: m_RootOrder
      value: 2
      objectReference: {fileID: 0}
    - target: {fileID: 11400000, guid: 5e9e851c0e142814dac026a256ba2ac0, type: 2}
      propertyPath: m_UseHeadBob
      value: 0
      objectReference: {fileID: 0}
    - target: {fileID: 11400000, guid: 5e9e851c0e142814dac026a256ba2ac0, type: 2}
      propertyPath: m_JumpBob.BobDuration
      value: 0
      objectReference: {fileID: 0}
    - target: {fileID: 11400000, guid: 5e9e851c0e142814dac026a256ba2ac0, type: 2}
      propertyPath: m_JumpBob.BobAmount
      value: 0
      objectReference: {fileID: 0}
    - target: {fileID: 11400000, guid: 5e9e851c0e142814dac026a256ba2ac0, type: 2}
      propertyPath: m_JumpSpeed
      value: 6
      objectReference: {fileID: 0}
    - target: {fileID: 100000, guid: 5e9e851c0e142814dac026a256ba2ac0, type: 2}
      propertyPath: m_TagString
      value: Player
      objectReference: {fileID: 0}
    - target: {fileID: 11400000, guid: 5e9e851c0e142814dac026a256ba2ac0, type: 2}
      propertyPath: m_StickToGroundForce
      value: 1
      objectReference: {fileID: 0}
    - target: {fileID: 11400000, guid: 5e9e851c0e142814dac026a256ba2ac0, type: 2}
      propertyPath: m_GravityMultiplier
      value: 1
      objectReference: {fileID: 0}
    m_RemovedComponents: []
  m_ParentPrefab: {fileID: 100100000, guid: 5e9e851c0e142814dac026a256ba2ac0, type: 2}
  m_IsPrefabParent: 0
--- !u!114 &1501695920 stripped
MonoBehaviour:
  m_PrefabParentObject: {fileID: 114000011063314346, guid: df750fa3a9afb764189e918032c36e28,
    type: 2}
  m_PrefabInternal: {fileID: 1944533811}
  m_Script: {fileID: -765806418, guid: f5f67c52d1564df4a8936ccd202a3bd8, type: 3}
--- !u!1 &1550202193
GameObject:
  m_ObjectHideFlags: 0
  m_PrefabParentObject: {fileID: 0}
  m_PrefabInternal: {fileID: 0}
  serializedVersion: 4
  m_Component:
  - 4: {fileID: 1550202196}
  - 114: {fileID: 1550202195}
  - 114: {fileID: 1550202194}
  m_Layer: 0
  m_Name: EventSystem
  m_TagString: Untagged
  m_Icon: {fileID: 0}
  m_NavMeshLayer: 0
  m_StaticEditorFlags: 0
  m_IsActive: 1
--- !u!114 &1550202194
MonoBehaviour:
  m_ObjectHideFlags: 0
  m_PrefabParentObject: {fileID: 0}
  m_PrefabInternal: {fileID: 0}
  m_GameObject: {fileID: 1550202193}
  m_Enabled: 1
  m_EditorHideFlags: 0
  m_Script: {fileID: 1077351063, guid: f5f67c52d1564df4a8936ccd202a3bd8, type: 3}
  m_Name: 
  m_EditorClassIdentifier: 
  m_HorizontalAxis: Horizontal
  m_VerticalAxis: Vertical
  m_SubmitButton: Submit
  m_CancelButton: Cancel
  m_InputActionsPerSecond: 10
  m_RepeatDelay: 0.5
  m_ForceModuleActive: 0
--- !u!114 &1550202195
MonoBehaviour:
  m_ObjectHideFlags: 0
  m_PrefabParentObject: {fileID: 0}
  m_PrefabInternal: {fileID: 0}
  m_GameObject: {fileID: 1550202193}
  m_Enabled: 1
  m_EditorHideFlags: 0
  m_Script: {fileID: -619905303, guid: f5f67c52d1564df4a8936ccd202a3bd8, type: 3}
  m_Name: 
  m_EditorClassIdentifier: 
  m_FirstSelected: {fileID: 0}
  m_sendNavigationEvents: 1
  m_DragThreshold: 5
--- !u!4 &1550202196
Transform:
  m_ObjectHideFlags: 0
  m_PrefabParentObject: {fileID: 0}
  m_PrefabInternal: {fileID: 0}
  m_GameObject: {fileID: 1550202193}
  m_LocalRotation: {x: 0, y: 0, z: 0, w: 1}
  m_LocalPosition: {x: 0, y: 0, z: 0}
  m_LocalScale: {x: 1, y: 1, z: 1}
  m_LocalEulerAnglesHint: {x: 0, y: 0, z: 0}
  m_Children: []
  m_Father: {fileID: 0}
  m_RootOrder: 3
--- !u!114 &1735306090 stripped
MonoBehaviour:
  m_PrefabParentObject: {fileID: 114000013872537094, guid: df750fa3a9afb764189e918032c36e28,
    type: 2}
  m_PrefabInternal: {fileID: 1944533811}
  m_Script: {fileID: 708705254, guid: f5f67c52d1564df4a8936ccd202a3bd8, type: 3}
--- !u!1 &1762257725
GameObject:
  m_ObjectHideFlags: 0
  m_PrefabParentObject: {fileID: 1000014092281646, guid: c9201c33d3f07144cb6b1bdc61f3b2cb,
    type: 2}
  m_PrefabInternal: {fileID: 484548268}
  serializedVersion: 4
  m_Component:
  - 4: {fileID: 1762257727}
  - 108: {fileID: 1762257726}
  m_Layer: 0
  m_Name: Directional Light
  m_TagString: Untagged
  m_Icon: {fileID: 0}
  m_NavMeshLayer: 0
  m_StaticEditorFlags: 0
  m_IsActive: 1
--- !u!108 &1762257726
Light:
  m_ObjectHideFlags: 0
  m_PrefabParentObject: {fileID: 108000013370741034, guid: c9201c33d3f07144cb6b1bdc61f3b2cb,
    type: 2}
  m_PrefabInternal: {fileID: 484548268}
  m_GameObject: {fileID: 1762257725}
  m_Enabled: 1
  serializedVersion: 7
  m_Type: 1
  m_Color: {r: 1, g: 0.95686275, b: 0.8392157, a: 1}
  m_Intensity: 1
  m_Range: 10
  m_SpotAngle: 30
  m_CookieSize: 10
  m_Shadows:
    m_Type: 2
    m_Resolution: -1
    m_CustomResolution: -1
    m_Strength: 1
    m_Bias: 0.05
    m_NormalBias: 0.4
    m_NearPlane: 0.2
  m_Cookie: {fileID: 0}
  m_DrawHalo: 0
  m_Flare: {fileID: 0}
  m_RenderMode: 0
  m_CullingMask:
    serializedVersion: 2
    m_Bits: 4294967295
  m_Lightmapping: 4
  m_AreaSize: {x: 1, y: 1}
  m_BounceIntensity: 1
  m_ShadowRadius: 0
  m_ShadowAngle: 0
--- !u!4 &1762257727
Transform:
  m_ObjectHideFlags: 0
  m_PrefabParentObject: {fileID: 4000012082903292, guid: c9201c33d3f07144cb6b1bdc61f3b2cb,
    type: 2}
  m_PrefabInternal: {fileID: 484548268}
  m_GameObject: {fileID: 1762257725}
  m_LocalRotation: {x: 0.40821788, y: -0.23456968, z: 0.10938163, w: 0.8754261}
  m_LocalPosition: {x: 0, y: 3, z: 0}
  m_LocalScale: {x: 1, y: 1, z: 1}
  m_LocalEulerAnglesHint: {x: 50, y: -30, z: 0}
  m_Children: []
  m_Father: {fileID: 0}
  m_RootOrder: 0
--- !u!1001 &1944533811
Prefab:
  m_ObjectHideFlags: 0
  serializedVersion: 2
  m_Modification:
    m_TransformParent: {fileID: 0}
    m_Modifications:
    - target: {fileID: 224000010025721782, guid: df750fa3a9afb764189e918032c36e28,
        type: 2}
      propertyPath: m_LocalPosition.x
      value: 0
      objectReference: {fileID: 0}
    - target: {fileID: 224000010025721782, guid: df750fa3a9afb764189e918032c36e28,
        type: 2}
      propertyPath: m_LocalPosition.y
      value: 0
      objectReference: {fileID: 0}
    - target: {fileID: 224000010025721782, guid: df750fa3a9afb764189e918032c36e28,
        type: 2}
      propertyPath: m_LocalPosition.z
      value: 0
      objectReference: {fileID: 0}
    - target: {fileID: 224000010025721782, guid: df750fa3a9afb764189e918032c36e28,
        type: 2}
      propertyPath: m_LocalRotation.x
      value: 0
      objectReference: {fileID: 0}
    - target: {fileID: 224000010025721782, guid: df750fa3a9afb764189e918032c36e28,
        type: 2}
      propertyPath: m_LocalRotation.y
      value: 0
      objectReference: {fileID: 0}
    - target: {fileID: 224000010025721782, guid: df750fa3a9afb764189e918032c36e28,
        type: 2}
      propertyPath: m_LocalRotation.z
      value: 0
      objectReference: {fileID: 0}
    - target: {fileID: 224000010025721782, guid: df750fa3a9afb764189e918032c36e28,
        type: 2}
      propertyPath: m_LocalRotation.w
      value: 1
      objectReference: {fileID: 0}
    - target: {fileID: 224000010025721782, guid: df750fa3a9afb764189e918032c36e28,
        type: 2}
      propertyPath: m_RootOrder
      value: 4
      objectReference: {fileID: 0}
    - target: {fileID: 224000010025721782, guid: df750fa3a9afb764189e918032c36e28,
        type: 2}
      propertyPath: m_AnchoredPosition.x
      value: 0
      objectReference: {fileID: 0}
    - target: {fileID: 224000010025721782, guid: df750fa3a9afb764189e918032c36e28,
        type: 2}
      propertyPath: m_AnchoredPosition.y
      value: 0
      objectReference: {fileID: 0}
    - target: {fileID: 224000010025721782, guid: df750fa3a9afb764189e918032c36e28,
        type: 2}
      propertyPath: m_SizeDelta.x
      value: 0
      objectReference: {fileID: 0}
    - target: {fileID: 224000010025721782, guid: df750fa3a9afb764189e918032c36e28,
        type: 2}
      propertyPath: m_SizeDelta.y
      value: 0
      objectReference: {fileID: 0}
    - target: {fileID: 224000010025721782, guid: df750fa3a9afb764189e918032c36e28,
        type: 2}
      propertyPath: m_AnchorMin.x
      value: 0
      objectReference: {fileID: 0}
    - target: {fileID: 224000010025721782, guid: df750fa3a9afb764189e918032c36e28,
        type: 2}
      propertyPath: m_AnchorMin.y
      value: 0
      objectReference: {fileID: 0}
    - target: {fileID: 224000010025721782, guid: df750fa3a9afb764189e918032c36e28,
        type: 2}
      propertyPath: m_AnchorMax.x
      value: 0
      objectReference: {fileID: 0}
    - target: {fileID: 224000010025721782, guid: df750fa3a9afb764189e918032c36e28,
        type: 2}
      propertyPath: m_AnchorMax.y
      value: 0
      objectReference: {fileID: 0}
    - target: {fileID: 224000010025721782, guid: df750fa3a9afb764189e918032c36e28,
        type: 2}
      propertyPath: m_Pivot.x
      value: 0
      objectReference: {fileID: 0}
    - target: {fileID: 224000010025721782, guid: df750fa3a9afb764189e918032c36e28,
        type: 2}
      propertyPath: m_Pivot.y
      value: 0
      objectReference: {fileID: 0}
    - target: {fileID: 1000013353076614, guid: df750fa3a9afb764189e918032c36e28, type: 2}
      propertyPath: m_Name
      value: HUDCanvas
      objectReference: {fileID: 0}
    m_RemovedComponents: []
  m_ParentPrefab: {fileID: 100100000, guid: df750fa3a9afb764189e918032c36e28, type: 2}
  m_IsPrefabParent: 0
--- !u!1 &1988262757
GameObject:
  m_ObjectHideFlags: 0
  m_PrefabParentObject: {fileID: 0}
  m_PrefabInternal: {fileID: 0}
  serializedVersion: 4
  m_Component:
  - 4: {fileID: 1988262759}
  - 114: {fileID: 1988262758}
  m_Layer: 0
  m_Name: MazeGenerator
  m_TagString: Untagged
  m_Icon: {fileID: 0}
  m_NavMeshLayer: 0
  m_StaticEditorFlags: 0
  m_IsActive: 1
--- !u!114 &1988262758
MonoBehaviour:
  m_ObjectHideFlags: 0
  m_PrefabParentObject: {fileID: 0}
  m_PrefabInternal: {fileID: 0}
  m_GameObject: {fileID: 1988262757}
  m_Enabled: 1
  m_EditorHideFlags: 0
  m_Script: {fileID: 11500000, guid: 4dbd480039f60a344bdc0ff90b9d70b5, type: 3}
  m_Name: 
  m_EditorClassIdentifier: 
  Floor: {fileID: 1000010488814194, guid: 8d3b36f175a633f429d7bda54c76550d, type: 2}
  Wall: {fileID: 1000012668003626, guid: d7507bd75cf933a458e79447734bad02, type: 2}
  Goal: {fileID: 1000013886408284, guid: 3be20f4403db1804280afcd99baf0384, type: 2}
  Seeker: {fileID: 1000013496181610, guid: 013c20626aa40f44e8f96027cf095d86, type: 2}
  Enemy2: {fileID: 1000012521011754, guid: 526cc22b53c9aa74a9d1375d01d4c5fd, type: 2}
  Automaton: {fileID: 1000012844997306, guid: 37437c0159f37e14983c22f0129be02b, type: 2}
  numRows: 10
  numColumns: 10
  numSeekers: 15
  numEnemy2: 0
  numAutomatons: 5
--- !u!4 &1988262759
Transform:
  m_ObjectHideFlags: 0
  m_PrefabParentObject: {fileID: 0}
  m_PrefabInternal: {fileID: 0}
  m_GameObject: {fileID: 1988262757}
  m_LocalRotation: {x: 0, y: 0, z: 0, w: 1}
  m_LocalPosition: {x: -4.824651, y: 12.635124, z: 32.55899}
  m_LocalScale: {x: 1, y: 1, z: 1}
  m_LocalEulerAnglesHint: {x: 0, y: 0, z: 0}
  m_Children: []
  m_Father: {fileID: 0}
  m_RootOrder: 1
